@inbook{basili94goal,
    ALTauthor = {},
    editor = {V.R.~Basili and G.~Caldiera and H.D.~Rombach},
    title = {Goal Question Metric Paradigm},
    publisher = {Wiley \& Sons, Inc.},
    year = {1994},
    pages = {528--532}
}
@inproceedings{yokoo98distributed,
    author = {Makoto Yokoo and Katsutoshi Hirayama},
      title = {Distributed Constraint Satisfaction ALgorithms for Complex Local Problems},
          booktitle = {Proceedings of the Third International Conference on Multiagent Systems},
      pages = {372--379},
      year = {1998}
}
@inproceedings{balakirsky04comparing,
    author = {Stephen Balakirsky and T.~R.~Kramer},
      title = {Comparing Algorithms: Rules of Thumb and an Example},
          booktitle = {Proceedings of the 2004 Performance Metrics for Intelligent Systems},
      month = {August},
      year = {2004}
}
@inproceedings{bellifemine99jade,
  title =        {{JADE} --- A {FIPA}-compliant agent framework},
  author =       {F. Bellifemine and A. Poggi and G. Rimassa},
  year =         {1999},
  pages =        {97--108},
  booktitle =    {Proc. of the 4th Intl. Conf. on the
                 Practical Applications of Agents and Multi-Agent
                 Systems},
  address =      {London, UK},
  publisher =    {The Practical Application Company Ltd.},
  URL =          {http://sharon.cselt.it/projects/jade/PAAM.pdf},
}
@misc{cougaar,
  author = "{Cougaar Software Inc}",
  title = "{Cougaar Project Site}",
  note = "http://www.cougaar.org"
}
@book{mayk06agent,
  OPTauthor =       {Brandon Bloom and Christopher J. Dugan and Tedd Gimber and Bernard Goren and Andrew Hight and Moshe Kam and Joseph B. Kopena and Robert N. Lass and Israel Mayk and Spiros Mancoridis and Pragnesh Jay Modi and William M. Mongan and William C. Regli and Randy Reitmeyer and Jeff K. Salvage and Evan A. Sultanik and Todd Urness},
  editor =       {Israel Mayk and William C. Regli},
  title =        {Agent Systems Reference Model},
  institution =  {},
  publisher =    {Intelligent Agents Integrated Product Sub-Team, Networking Integrated Product Team, Command and Control Directorate, Headquarters, US Army Research, Development, and Engineering Command, Communications-Electronics Research, Development, and Engineering Center, Department of the Army},
  year =         {2006},
  OPTkey =       {},
  OPTtype =      {},
  OPTnumber =    {},
  OPTaddress =   {},
  month =     {November},
  url = {http://gicl.cs.drexel.edu/people/regli/reference\_model-v1a.pdf},
  OPTannote =    {}
}
@inbook{lass09metrics,
  author =    {R.N.~Lass and E.A.~Sultanik and W.C.~Regli},
  ALTeditor =    {},
  title =        {Performance Evaluation and Benchmarking of Intelligent Systems},
  chapter =      {Metrics for Multiagent Systems},
  publisher =    {Springer},
  year =         {2009},
  OPTkey =       {},
  volume =    {},
  OPTnumber =    {},
  series =    {},
  OPTtype =      {},
  OPTaddress =   {},
  OPTedition =   {},
  OPTmonth =     {June},
  pages =     {},
  OPTnote =      {},
  OPTannote =    {}
}
@inproceedings{dyer95wideband,
    author={Robert J.~Dyer and Robert P.~Rice, Jr.},
    title={Wideband networking enhancements for {SINCGARS}},
    booktitle={In Proceedings of the Military Communications Conference},
    year={1995},
    month={Nov},
    volume={3},
    pages={911--915},
}
@book{carroll00making,
  title={{Making use: scenario-based design of human-computer interactions}},
  author={Carroll, J.M.},
  year={2000},
  publisher={MIT Press Cambridge, MA}
}
@article{simpson92key,
	title={Key Lessons for Adopting Scenario Planning in Diversified
		Companies},
	author={Simpson, D.G.},
	journal={Strategy \& Leadership},
	volume={20},
	number={3},
	pages={10--48},
	year={1992},
	publisher={MCB UP Ltd}
}
@article{roche94software,
    title={Software Metrics and Measurement Principles},
    author={John M. Roche},
    journal={Software Engineering Notes},
    volume={19},
    number={1},
    pages={77--85},
    year={1994},
    publisher={ACM SIGSOFT}
}
@article{stevens46theory,
	author = {Stevens, S. S.},
	citeulike-article-id = {611484},
	keywords = {omt2k6 statistics},
	priority = {5},
	title = {{On the Theory of Scales of Measurement}},
	url =
	{http://links.jstor.org/sici?sici=0036-8075%2819460607%293%3A103%3A2684%3C677%3AOTTOSO%3E2.0.CO%3B2-G},
	journal = {Science},
	year = {1946}
}
@book{gawron08human,
  title={Human Performance, Workload, and Situational Awareness Measures Handbook},
  author={V.J.~Gawron},
  year={2008},
  publisher={CRC Press}
}
@book{endsley08situation,
    title={Situation Awareness Analysis and Measurement},
    author = {M.R. Endsley and D.J. Garland},
    year = {2008},
    publisher = {CRC Press}
}
@article{pitrella83design,
  title={{Design and validation of matching tests to form equal groups for tracking experiments}},
  author={Pitrella, F.D. and Kruger, W.},
  journal={Ergonomics},
  volume={26},
  number={9},
  pages={833--845},
  year={1983},
  publisher={Taylor \& Francis}
}
@inproceedings{haeberlen06fallacies,
	author = {A. Haeberlen and A. Mislove and A. Post and P.
		Druschel},
	title = {{Fallacies in Evaluating Decentralized Systems}},
	booktitle = {Proc. of the 5th Intl. Workshop on Peer-to-Peer Systems},
	month = {February},
	year = {2006}
}

@inproceedings{helsinger03tools,
  title={{Tools and techniques for performance measurement of large distributed multiagent systems}},
  author={A. Helsinger and R. Lazarus and W. Wright and J. Zinky},
  booktitle={Proc. of the 2nd Intl. Conf. on Autonomous Agents and Multiagent Systems},
  pages={843--850},
  year={2003},
  organization={ACM New York, NY}
}



% relevant Army FMs

% FM 5-0 Army Planning and Order Productions
% the OPORD
@techreport{FM5-0,
  title = {Army Planning and Orders Production},
  number={FM 5-0},
  year={2005},
  month={January},
  institution={Department of {US} Army},
  author={Headquarters}
}

% orders planning
@techreport{FM101-5,
  title = {Staff Organization and Operations},
  number={FM 101-5},
  year={1997},
  month={May},
  institution={Department of {US} Army},
  author={Headquarters}
}

% FM 3-0
@techreport{FM3-0,
  title = {Operations},
  number={FM 3-0},
  year={2008},
  month={February},
  institution={Department of {US} Army},
  author={Headquarters}
}

% FM 3-90.6 Brigade Combat Team
% for the organization and operations
@techreport{FM3-90.6,
  title = {The Brigade Combat Team},
  number={FM 3-90.6},
  year={2006},
  month={August},
  institution={Department of {US} Army},
  author={Headquarters}
}


% FM 6-0 Mission Command: Command and Control of Army Forces
% C2 Doctrine 
@techreport{FM6-0,
  title = {Mission Command and Control of Army Forces},
  number={FM 6-0},
  year={2003},
  month={August},
  institution={Department of {US} Army},
  author={Headquarters}
}

% FM 3-20.96  Reconnaissance Squadron
% FM 3-20.98  Reconnaissance Platoon

% FM 3-22.90  MORTARS
% FM 3-22.91 7/17/2008MORTAR FIRE DIRECTION CENTER PROCEDURES


% FMI 6-02.60  Tactics, Techniques and Procedures (TTPs) for Joint Network Node
% Network
@techreport{fm602,
  title = {Tactics, Techniques, and Procedures ({TTPs}) for the Joint Network Node-Network({JNN-N})},
  number={FMI 6-02.60},
  year={2006},
  month={September},
  institution={Department of {US} Army},
  author={Headquarters}
}

@techreport{bcec08,
  title={The Battle Command Essential Capabilities ({BCEC}) White Paper},
  institution={Battle Command Battle Lab, Ft Leavenworth, KS},
  author={{TRADOC} Capabilities Manager},
  month={October},
  year={2008},
}
@inproceedings{lisy09icaart,
  file = {ICAART_2009_85_CR.pdf},
  category = {papers},
  author = {V. Lis{\'y} and B. Bo{\v s}ansk{\'y} and M. Jakob and M. P{\v e}chou{\v c}ek},
  title = {Goal-based Adversarial Search - Searching Game Trees in Complex Domains using Goal-based Heuristic},
  booktitle = {In Proc. of the 1st Intl. Conf. on Agents and Artificial Intelligence},
  editor = {J. Filipe and A. Fred and B. Sharp},
  year = {2009},
  language = {English},
  publisher = {INSTICC Press},
  address = {Porto -- Portugal},
  pages = {53--60},
  url = {www.icaart.org},
  keywords = {Game tree search, adversarial planning, Goals, Background knowledge, complex domain},
}

@inproceedings{sislak05aglobe,
  author = {D. {\v S}i{\v s}l{\'a}k and M. Reh{\'a}k and M. P{\v e}chou{\v c}ek},
  title = {A-globe: Multi-Agent Platform with Advanced Simulation and Visualization Support},
  booktitle = {Web Intelligence},
  year = {2005},
  publisher = {IEEE Computer Society},
  isbn = {0-7695-2415-X},
  pages = {805-806},
}

@article{regli09development,
    author = {W.C. Regli and I. Mayk and C.J. Dugan and J.B. Kopena and E.A. Sultanik and R.N. Lass and P.J. Modi and W.M. Mongan and J.K. Salvage},
    title = {Development and Specification of a Reference Model for Agent-Based Systems},
    journal = {IEEE Transactions on Systems, Man and Cybernetics},
    year = {2009},
    pages = {572--596}
}

@inproceedings{helsinger04cougaar,
    author = {A. Helsinger and M. Thome and T. Wright},
    title = {Cougaar: A scalable, distributed multi-agent architecture},
    booktitle = {Proc. of IEEE Intl. Conf. on Systems, Man and Cybernetics},
    year = {2004},
    pages = {1910--1917},
    month = {Oct.},
    volume = {2},
    publisher = {BBN Technologies}, 
}


%%%% ACIN.bib

% -*- TeX -*- -*- Soft -*-
@string{c-ICAC="Proc. IEEE Intl. Conf. on Autonomic Computing (ICAC)"}

%------------------ MULTI-AGENT SYSTEMS -----------------------%

@TECHREPORT{ASRM:06,
  AUTHOR =       {I. Mayk and W.C. Regli (eds.)},
  TITLE =        {Agent Systems Reference Model (Release Version 1.0a)},
  INSTITUTION =  {Applied Communications and Information Networking (ACIN) Program},
  YEAR =         {2006},
  month =        {Nov.},
  source =       {http://gicl.cs.drexel.edu/people/regli/reference\_model-v1a.pdf},
}
@MISC{JADE:09,
      AUTHOR = {T. Italia},
      TITLE = {Java Agent DEvelopment Framework},
      NOTE = {http://jade.tilab.com},
}

@MISC{Cougaar:09,
      AUTHOR = {BBN Technologies},
      TITLE = {Cognitive Agent Architecture (Cougaar)},
      NOTE = {http://www.cougaar.org (ref. Jul. '09)},
}
@MISC{aglobe:09,
      AUTHOR = {Agent Technology Center},
      TITLE = {Aglobe},
      NOTE = {http://agents.felk.cvut.cz/aglobe (ref. Jul. '09)},
}
@MISC{TC-PEBRAS:09,
      AUTHOR = {IEEE},
      TITLE = {Performance Evaluation and Benchmarking of Robotic and Automation Systems},
      NOTE = {http://tab.ieee-ras.org/committeeinfo.php?tcid=35 (ref. Jul. '09)},
}
@article{PMS:01,
  author = {M. P{\v e}chou{\v c}ek and V. Ma{\v r}{\'\i}k and O. {\v S}t{\v e}p{\'a}nkov{\'a}},
  title = {Towards Reducing Communication Traffic in Multi-Agent Systems},
  journal = {J. of Applied Systems Studies},
  volume = {2},
  number = {1},
  year = {2001},
  pages = {152--174},
}
@inproceedings{RPCKMDM:07,
  author = {M. Reh{\'a}k and M. P{\v e}chou{\v c}ek and P. {\v C}eleda and V. Krm{\'i}{\v c}ek and J. Moninec and T. Dym{\'a}{\v c}ek and D. Medvigy},
  title = {High-Performance Agent System for Intrusion Detection in Backbone Networks},
  booktitle = {CIA},
  editor = {M. Klusch and K.V. Hindriks and M.P. Papazoglou and L. Sterling},
  series = {Lecture Notes in Computer Science},
  volume = {4676},
  year = {2007},
  publisher = {Springer},
  isbn = {978-3-540-75118},
  pages = {134--148},
}
@article{PS:09,
  author = {M. P{\v e}chou{\v c}ek and D. {\v S}i{\v s}l{\'a}k},
  title = {Agent-Based Approach to Free-Flight Planning, Control, and Simulation},
  journal = {IEEE Intelligent Sys.},
  volume = {24},
  number = {1},
  year = {2009},
  pages = {14--17},
  month = {Jan./Feb.},
}

@inproceedings{SSP:08,
  author = {D. {\v S}i{\v s}l{\'a}k and J. Samek and M. P{\v e}chou{\v c}ek},
  title = {Decentralized Algorithms for Collision Avoidance in Airspace},
  booktitle = {In Proc. of the 7th Intl. Conf. on Autonomous Agents and Multiagent Systems},
  editor = {Padgham and Parkes and Mueller and Parsons},
  year = {2008},
  pages = {543--550},
  month = {May},
}
%-------------------- AGENTS and SOA ---------------------------------%
@inproceedings{YCMZ:08,
  author = {H.Yang and J. Chen and X. Meng and Y. Zhang},
  title = {A Dynamic Agent-Based Web Service Invocation Infrastructure},
  booktitle = {IEEE Int'l Conf. on Advcs. in Computer-Human Interaction},
  month = {Feb.},
  year = {2008},
  pages = {206--211},
}
@inproceedings{SYF:06,
  author = {M.O. Shafiq and D. Ying  and D. Fensel},
  title = {Bridging Multi Agent Systems and Web Services: towards interoperability between Software Agents and Semantic Web Services},
  booktitle = {IEEE Int'l Enterprise Dist. Obj. Computing Conf.},
  month = {Oct.},
  year = {2006},
  pages = {85--96},
}
@inproceedings{BMBT:07,
  author = {J. Bentahar and Z. Maamar and D. Benslimane and P. Thiran},
  title = {Using Argumentative Agents to Manage Communities of Web Services},
  booktitle = {IEEE Int'l Adv. Info. Netwrkg. and Apps. Wrkshp.},
  month = {May},
  year = {2007},
  pages = {588--593},
}
@inproceedings{ZM:05,
  author = {W. Zahreddine and Q.H. Mahmoud},
  title = {Blending Web services and agents for mobile users},
  booktitle = {IEEE Autonomous Decntrlzd. Sys.},
  month = {Apr.},
  year = {2005},
  pages = {585--590},
}
@inproceedings{GC:04,
  author = {D. Greenwood and M. Calisti},
  title = {Engineering Web service - agent integration},
  booktitle = {IEEE Int'l. Conf. on Sys., Man, and Cybernetics},
  month = {Oct.},
  year = {2004},
  pages = {1918--1925},
}
@inproceedings{CE:05,
  author = {D. Celik and A. Elci},
  title = {Searching Semantic Web Services: An Intelligent Agent Approach Using Semantic Enhancement of Client Input Term(s) and Matchmaking Step},
  booktitle = {IEEE Int'l. Conf. Intel. Agents, Web Techs. and Inet. Comrce.},
  month = {Nov.},
  year = {2005},
  pages = {916--922},
}
@inproceedings{ZB:08,
  author = {H. Zhang and K. Ben},
  title = {Ontology \& Agent-Based Information Processing in Network Centric Warfare},
  booktitle = {IEEE Int'l. Wrkshp. on Semantic Computing and Sys.},
  month = {Jul.},
  year = {2008},
  pages = {27--32},
}
@inproceedings{NB:07,
  author = {M.F. Nowlan and M.B. Blake},
  title = {Intelligent Agent Communication and Collaboration for Web Services Management},
  booktitle = {IEEE Int'l. Wrkshp. on Enabling Techs.: Infrastruc. for Collab. Entrprs.},
  month = {Jun.},
  year = {2007},
  pages = {18--23},
}

%------------------- CROSS LAYER DESIGN -------------------------------%

@inbook{SM:07,
    author = {V. Srivastava and M. Motani},
    chapter = {Cross-layer Design and Optimization in Wireless Networks},
    title = {Cognitive networks: towards self-aware networks (Q.H. Mahmoud, ed.)},
    publisher = {Wiley-Interscience},
    year = {2007},
    pages = {121--145},
}
@inproceedings{BK:05,
    author = {J.L. Burbank and W.T. Kasch},
    title = {Cross-layer design for military networks},
    booktitle = {Proc. of the IEEE MILCOM Conf.},
    Month = {Oct.},
    year = {2005},
    pages = {1912--1918}
}
@article{RI:06,
 author = {V.T. Raisinghani and S. Iyer},
 title = {Cross-layer feedback architecture for mobile device protocol stacks},
 journal = {IEEE Communications Magazine},
 volume = {44},
 number = {1},
 month = {Jan.},
 year = {2006},
 pages = {85--92},
}


%------------------ RELIABILITY/GOSSIP PROTOCOLS -----------------------%

@TECHREPORT{VGSMW:05,
  AUTHOR =       {K. Verma and K. Gomadam and A.P. Sheth and J.A. Miller and Z. Wu},
  TITLE =        {An Empirical Study of Epidemic Algorithms in Large Scale Multihop Wireless Networks},
  INSTITUTION =  {LSDIS, University of Georgia},
  YEAR =         {2005},
  month =        {Jun.},
  source =       {UGA-06-24-05},
}
@MISC{meteors:09,
      AUTHOR = {LSDIS},
      TITLE = {Meteor-S},
      NOTE = {http://lsdis.cs.uga.edu/projects/meteor-s/},
}
@inproceedings{KW:91,
    author = {J.O. Kephart and S.R. White},
    title = {Directed-Graph Epidemiological Models of Computer Viruses},
    booktitle = {IEEE Computer Society Sym. on Research in Security and Privacy},
    Month = {May},
    year = {1991},
    pages = {343--359}
}
@article{LR:53,
 author = {H.G. Landau and A. Rapoport},
 title = {Contribution to the Mathematical Theory of Contagion and Spread of Information: I. Spread Through a Thoroughly Mixed Population},
 journal = {Bulletin of Mathematical Biology},
 volume = {15},
 number = {2},
 month = {Jun.},
 year = {1953},
 pages = {173--183},
 }
@article{HMS:72,
 author = {A. Hajnal and E.C. Milner and E. Szemeredi},
 title = {A cure for the telephone disease},
 journal = {Canadian Mathematical Bulletin},
 volume = {15},
 number = {3},
 year = {1972},
 pages = {447--450},
 }

 @article{HHL:88,
    author = {S.M. Hedetniemi and S.T. Hedetniemi and A.L. Liestman},
    journal = {IEEE Networks},
    title = {A Survey of Gossiping and Broadcasting in Communication Networks},
    volume = {18},
    number = {4},
    year = {1988},
    pages = {319--349},
}
 @article{FP:80,
    author = {A.M. Farley and A. Prokurowski},
    journal = {J. of Combinatorics, Information, and System Sciences},
    title = {Gossiping in Grid Graphs},
    volume = {5},
    number = {2},
    year = {1980},
    pages = {161--172},
}
@inproceedings{HKB:99,
    author = {W. Rabiner-Heinzelman and J. Kulik and H. Balakrishnan},
    title = {Adaptive Protocols for Information Dissemination in Wireless Sensor Networks},
    booktitle = {ACM Mobicom},
    Month = {Aug.},
    year = {1999},
    pages = {174--185},
}
@article{KHB:02,
    author = {J. Kulik and W. Rabiner-Heinzelman and H. Balakrishnan},
    journal = {Wireless Networks},
    title = {Negotiation-based Protocols for Disseminating Information in Wireless Sensor Networks},
    volume = {8},
    number = {2/3},
    month = {Mar./May},
    year = {2002},
    pages = {169--185},
}
@inproceedings{APES:09,
    author = {S.M.A. Abbas and J.A. Pouwelse and D.H.J. Epema and H.J. Sips},
    title = {A Gossip-Based Distributed Social Networking System},
    booktitle = {IEEE Wkshp. on Enabling Technologies: Infrastructures for Collaborative Enterprises},
    Month = {Jun.},
    year = {2009},
    pages = {93--98},
}
@TECHREPORT{GKWCEW:02,
  AUTHOR =       {D. Ganesan and B. Krishnamachari and A. Woo and D. Culler and D. Estrin and S. Wicker},
  TITLE =        {An Empirical Study of Epidemic Algorithms in Large Scale Multihop Wireless Networks},
  INSTITUTION =  {Intel Research, Berkeley},
  YEAR =         {2002},
  month =        {Mar.},
  source =       {IRB-TR-02-003},
}
@inproceedings{WC:01,
 author = {A. Woo and D.E. Culler},
 title = {A transmission control scheme for media access in sensor networks},
 booktitle = {ACM Int'l Conf. on Mobile Computing and Networking},
 year = {2001},
 pages = {221--235},
 location = {Rome, Italy},
 }
@inproceedings{WVKS:06,
 author = {S. Weber and V. Veeraraghavan and A. Kini and N. Singhal, N.},
 title = {Analysis of gossip performance with copulas},
 booktitle = {IEEE Conf. on Info. Sciences and Systems},
 month = {Mar.},
 year = {2006},
 pages = {1212--1217},
 }

@article{ABGK:06,
  title={{A comparison of epidemic algorithms in wireless sensor networks}},
  author={M. Akdere and C.{\c{C}}. Bilgin and O. Gerdaneri and I. Korpeoglu},
  journal={Computer Communications},
  volume={29},
  number={13-14},
  pages={2450--2457},
  year={2006},
  publisher={Elsevier},
}

@ARTICLE{LS:05,
  AUTHOR =       {X. Lin and N.B. Shroff},
  TITLE =        {Simplification of Network Dynamics in Large Systems},
  JOURNAL =      {IEEE/ACM Transactions on Networking},
  YEAR =         {2005},
  volume =       {13},
  number =       {4},
  pages =        {813-26},
  month =        {Aug.},
  organization = {IEEE, ACM},
  keywords =     {dynamics},
}
@INPROCEEDINGS{LPSC:04,
    author = {P. Levis and N. Patel and S. Shenker and D. Culler},
    title = {Trickle: A Self-Regulating Algorithm for Code Propagation and Maintenance in Wireless Sensor Networks},
    booktitle = {USENIX/ACM Sym. on Networked Sys. Design and Implementation (NSDI},
    month = {May},
    year = {2004},
    pages = {15--28},
    keywords = {broadcast-based, multicast communications protocol},
}
@INPROCEEDINGS{SPMC:04,
    author = {R. Szewczyk and J. Polastre and A. Mainwaring and D. Culler},
    title = {Lessons From A Sensor Network Expedition},
    booktitle = {European Workshop on Wireless Sensor Networks},
    month = {Jan.},
    year = {2004},
    pages = {307--322},
    keywords = {sensor networks exhibit highly transient loss patterns that are susceptible to chances in environmental conditions},
}
@INPROCEEDINGS{RL:03,
    author = {N. Reijers and K. Langendoen},
    title = {Efficient code distribution in wireless sensor networks},
    booktitle = {ACM Int'l Workshop on Wireless Sensor Networks and Applications (WSNA)},
    month = {Sep.},
    year = {2003},
    pages = {60--67},
    keywords = {Compaction of program updates for wireless sensor networks},
}
@article{DGHILSSST:88,
 author = {A. Demers and D. Greene and C. and Houser and W. and Irish and J. Larson and S. Shenker and H. Sturgis and D. Swinehart and D. Terry},
 title = {Epidemic algorithms for replicated database maintenance},
 journal = {SIGOPS Operating Systems Review},
 volume = {22},
 number = {1},
 year = {1988},
 pages = {8--32},
 publisher = {ACM},
 }
@INPROCEEDINGS{LL:08,
    author = {P. Levis and K. Lin},
    title = {Data Discovery and Dissemination with DIP},
    booktitle = {IEEE Int'l Conf. on Info. Processing in Sensor Networks},
    month = {Apr.},
    year = {2008},
    pages = {443--444},
    keywords = {Incremental improvement on Trickle and SPIN using randomized scanning and tree-based directory searches},
}
@article{JVGKV:07,
 author = {M. Jelasity and S. Voulgaris and R. Guerraoui and A.-M. Kermarrec and M. van Steen},
 title = {Gossip-based peer sampling},
 journal = {ACM Trans. on Computer Systems},
 volume = {25},
 number = {3},
 year = {2007},
 issn = {0734-2071},
 pages = {8},
 doi = {http://doi.acm.org/10.1145/1275517.1275520},
 publisher = {ACM},
 address = {New York, NY, USA},
}
@inproceedings{JGKV:04,
 author = {M. Jelasity and R. Guerraoui and A.-M. Kermarrec and M. van Steen},
 title = {The peer sampling service: experimental evaluation of unstructured gossip-based implementations},
 booktitle = {ACM/IFIP/USENIX Intl. Conf. on Middleware},
 month = {Nov.},
 year = {2004},
 isbn = {3-540-23428-4},
 pages = {79--98},
 location = {Toronto, Canada},
 publisher = {Springer-Verlag New York, Inc.},
 address = {New York, NY, USA},
 }
@inproceedings{ADH:05,
 author = {A. Allavena and A. Demers and J.E. Hopcroft},
 title = {Correctness of a gossip based membership protocol},
 booktitle = {ACM Sym. on Principles of Distributed Computing (PODC)},
 month = {Jul.},
 year = {2005},
 isbn = {1-59593-994-2},
 pages = {292--301},
 location = {Las Vegas, NV, USA},
 doi = {http://doi.acm.org/10.1145/1073814.1073871},
 publisher = {ACM},
 address = {New York, NY, USA},
 }

@article{HHL:06,
 author = {Z.J. Haas and J.Y. Halpern and L. Li},
 title = {Gossip-based ad hoc routing},
 journal = {IEEE/ACM Trans. on Networking},
 volume = {14},
 number = {3},
 month = {Jun.},
 year = {2006},
 pages = {479--491},
 publisher = {IEEE/ACM},
}
%------------------ NETWORK-CENTRIC SYSTEMS -----------------------%

@BOOK{A:96,
  AUTHOR = {D.S. Alberts},
  YEAR = {1996},
  TITLE = {Information Age Transformation: Getting to a 21st Century Military},
  PUBLISHER = {CCRP Pubs.},
}
@TECHREPORT{CJCSI:09,
  AUTHOR =       {CJCSI},
  TITLE =        {Operation of the Joint Capabilities Integration and Development System, 3170.01G},
  INSTITUTION =  {Department of Defense},
  YEAR =         {2009},
  month =        {Mar.},
  source =       {http://www.dtic.mil/cjcs\_directives/cdata/unlimit/3170\_01.pdf},
}
@article{C:05,
    author = {A. Cebrowski},
    journal = {Defender},
    title = {The Power of Information Comes from the Ability to Share},
    volume = {2},
    number = {3},
    month = {Apr.},
    year = {2005},
}
%------------------ STRATEGIC PLANS -----------------------%
@TECHREPORT{NSP:07,
  AUTHOR =       {Navy},
  TITLE =        {Naval Science and Technology Strategic Plan},
  INSTITUTION =  {Dept. of the Navy},
  YEAR =         {2007},
  month =        {Jan.},
}
@TECHREPORT{CERDEC:06,
  AUTHOR =       {CERDEC},
  TITLE =        {Master List of Technology Needs},
  INSTITUTION =  {Communications-Electronics Research, Development, and Engineering Center},
  YEAR =         {2006},
  month =        {Oct.},
}
@TECHREPORT{DARPA:07,
  AUTHOR =       {DARPA},
  TITLE =        {Strategic Plan},
  INSTITUTION =  {Defense Advanced Research Projects Agency},
  YEAR =         {2007},
  month =        {Feb.},
}
@TECHREPORT{RDECOM:07,
  AUTHOR =       {DARPA},
  TITLE =        {Strategic Plan},
  INSTITUTION =  {U.S. Army Research, Development and Engineering Command},
  YEAR =         {2007},
  month =        {May},
}
%------------------ SOFTWARE TESTING -----------------------%
@BOOK{B:90,
  OPTauthor = {B. Beizer},
  year = {1990},
  title = {Software Testing Techniques (2$^{nd}$ ed.)},
  publisher = {Intl. Thompson Computer Press},
}
@BOOK{B:96,
  AUTHOR = {B. Beizer},
  YEAR = {1996},
  TITLE = {Software System Testing and Quality Assurance},
  PUBLISHER = {Intl. Thompson Computer Press},
}
@BOOK{B:95,
  AUTHOR = {B. Beizer},
  YEAR = {1995},
  TITLE = {Black-Box Testing: Techniques for Functional testing of Software and Systems},
  PUBLISHER = {Intl. Thompson Computer Press},
}
@BOOK{AO:08,
  AUTHOR = {P. Ammann and J. Offutt},
  YEAR = {2008},
  TITLE = {Introduction to Software Testing},
  PUBLISHER = {Cambridge U. Press},
}
@inproceedings{B:07,
 author = {A. Bertolino},
 title = {Software testing Research: Achievements, Challenges, Dreams},
 booktitle = {IEEE Int'l Conf. on Software Engineering},
 month = {May},
 year = {2007},
 pages = {85--103},
}
@MISC{nist:02,
      AUTHOR = {NIST},
      title = {Software Errors Cost U.S. Economy \$59.5 Billion Annually: NIST Assesses Technical Needs of Industry to Improve Software-Testing},
      NOTE = {http://www.nist.gov/public\_affairs/releases/n02-10.htm},
      month = {Jun.},
      year = {2002},
}
@TECHREPORT{D:70,
  AUTHOR =       {E.W. Dijkstra},
  TITLE =        {Notes On Structured Programming},
  INSTITUTION =  {T.H. Report WSK-03},
  YEAR =         {1970},
  month =        {Apr.},
  pages =       {7},
}
%------------------------ DANDEKAR --------------------------%
@inproceedings{B:06,
 author = {D. Baker},
 title = {Advances in communications electronic warfare},
 booktitle = {Canadian Conf. on Electrical and Computer Engineering},
 month = {May},
 year = {2006},
 pages = {52--55},
}
@article{S:02,
    author = {A.E. Spezio},
    journal = {IEEE. Trans. on Microwave Theory and Techniques},
    title = {Electronic warfare systems},
    volume = {50},
    number = {3},
    month = {Mar.},
    year = {2002},
    pages = {633--644},
}
@article{B:92,
    author = {B. Baseghi},
    journal = {IEEE. Trans. on Aerospace and Electronic Systems},
    title = {Characterizing radar emissions using a robust countermeasure receiver},
    volume = {50},
    number = {3},
    month = {Jul.},
    year = {1992},
    pages = {741--755},
}
@inproceedings{BP:06,
 author = {K. Banasiak and A. Pieniezny},
 title = {Radar signals monitoring},
 booktitle = {Int'l. Radar Sym.},
 month = {May},
 year = {2006},
 pages = {1--4},
}
@inproceedings{I:05,
 author = {I.Y. Immoreev},
 title = {Ultra-wideband radars: features and ways of development},
 booktitle = {European Radar Conference},
 month = {Oct.},
 year = {2005},
 pages = {97--100},
}

%----------------------- BENCHMARKING -----------------------%
@INBOOK{BCR:94,
  author = {V.R. Basili and G. Caldiera and H.D. Rombach},
  title = {Encyclopedia of Software Engineering},
  chapter = {The Goal Question Metrics Approach},
  publisher = {Wiley-Interscience},
  year = {1994},
  pages = {528--532},
}
@TECHREPORT{titanb:09,
  AUTHOR =       {ACIN},
  TITLE =        {Distributed Battle Command Tracking Benchmark},
  INSTITUTION =  {ACIN},
  YEAR =         {2009},
  month =        {Sep.},
  source =       {},
}
@BOOK{C:00,
  AUTHOR = {J.M. Carroll},
  YEAR = {2000},
  TITLE = {Making Use: Scenario-Based Design of Human-Computer Interactions},
  PUBLISHER = {MIT Press},
}
@inproceedings{PH:97,
 author = {M. Parashar and S. Hariri},
 title = {Interpretive performance prediction for high performance application development},
 booktitle = {Proc. of the IEEE Hawaii Intl. Conf. on System Sciences},
 month = {Jan.},
 year = {1997},
 pages = {462--471},
}
@article{LBMP:08,
    author = {S. Lessmann and B. Baesens and C. Mues and S. Pietsch},
    journal = {IEEE. Trans. on Software Engr.},
    title = {Benchmarking Classification Models for Software Defect Prediction: A Proposed Framework and Novel Findings},
    volume = {34},
    number = {4},
    month = {Jul./Aug.},
    year = {2008},
    pages = {485--496},
}
@inproceedings{SEH:03,
 author = {S.E. Sim and S. Easterbrook and R.C. Holt},
 title = {Using benchmarking to advance research: a challenge to software engineering},
 booktitle = {Proc. of the IEEE Intl. Conf. on Software Engineering},
 month = {May},
 year = {2003},
 pages = {74--83},
}

@article{CGKSP:05,
 author = {K. Chmiel and M. Gawinecki and P. Kaczmarek and M. Szymczak and M. Paprzycki},
 title = {Efficiency of {JADE} Agent Platform},
 journal = {Scientific Programming},
 volume = {13},
 number = {2},
 month = {Apr.},
 year = {2005},
 pages = {159--172},
 }
@inproceedings{VQC:02,
    author = {Vitaglione, G. and Quarta, F. and Cortese, E.},
    title = {Scalability and Performance of {JADE} Message Transport System},
    booktitle = {Proc. of the Autonomous Agents and Multiagent Systems Workshop on AgentCities},
    month = {Jul.},
    year = {2002},
}
@inproceedings{Jade:04,
    author = {F. Bellifemine and M. Calisti and G. Caire and A. Reitbauer},
    title = {Performance of {JADE}'s Agent Management System, Directory Facilitator, and Containers},
    booktitle = {Proc. of the IEEE Intl. Conf. on Systems, Man and Cybernetics (SMC)},
    month = {October},
    year = {2004},
}
@TECHREPORT{L:00,
  AUTHOR =       {M. Laukkanen},
  TITLE =        {Evaluation of {JADE} 1.2},
  INSTITUTION =  {Sonera, Ltd.},
  YEAR =         {2000},
  month =        {Feb.},
  source =       {http://jade.tilab.com/},
}
@MISC{FIPA:09,
      AUTHOR = {FIPA},
      TITLE = {Foundation for Intelligent Agents (FIPA) standards specification)},
      NOTE = {http://www.fipa.org/repository/standardspecs.html (ref. Jul. '09)},
}
@inproceedings{TW:05,
    author = {K. Kleinmann and T. Wright},
    title = {Scalability aspects of agent-based naming services},
    booktitle = {Proc. of the IEEE Intl. Conf. on Integration of Knowledge Intensive Multi-agent Systems},
    Month = {Apr.},
    year = {2005},
    pages = {18--21}
}
@inproceedings{HMPD:06,
    author = {A. Haeberlen and A. Mislove and A. Post and P. Druschel},
    title = {Fallacies in Evaluating Decentralized Systems},
    booktitle = {Proc. of the 5th Intl. Wrkshp. on Peer-to-Peer Systems},
    Month = {Feb.},
    year = {2006},
    pages = {1--6}
}
%-----------------DISTRIBUTED SYSTEMS ----------------------------%
@inproceedings{Dr:96,
    author = {J. Drummond},
    title = {Establishing a real-time distributed benchmark},
    booktitle = {Proc. of the IEEE Intl. Workshop on Parallel and Distributed Real-time Systems (WPDRTS)},
    Month = {Apr.},
    year = {1996},
    pages = {200-201}
}
@inproceedings{Ka:96,
    author = {N.I. Kamenoff},
    title = {One approach for generalization of real-time distributed systems benchmarking},
    booktitle = {Proc. IEEE Intl. WPDRTS},
    Month = {Apr.},
    year = {1996},
    pages = {202-203}
}
@inproceedings{KGKLS:08,
    author = {A. Kovacevic and K. Graffi and S. Kaune and C. Leng and R. Steinmetz},
    title = {Towards Benchmarking of Structured Peer-to-Peer Overlays for Network Virtual Environments},
    booktitle = {Proc. of the IEEE Intl. Conf. on Parallel and Distributed Systems (ICPADS)},
    Month = {Dec.},
    year = {2008},
    pages = {799--804}
}
@inproceedings{KamW:91,
    author = {N.I. Kamenoff and N.H. Weideman},
    title = {Hartstone Distributed Benchmark: Requirements and Definitions},
    booktitle = {Proc. of the IEEE Real-time Systems Symposium},
    Month = {Oct.},
    year = {1991},
    pages = {199--208}
}
@article{Kar:90,
 author = {R.P. Kar},
 title = {Implementing the Rhealstone real-time benchmark},
 journal = {Dr. Dobb's Journal},
 volume = {15},
 number = {4},
 month = {Apr.},
 year = {1990},
 pages = {46--55},
}
@inproceedings{HD:03,
    author = {E. Halepovic and R. Deters},
    title = {The costs of using {JXTA}},
    booktitle = {Proc. of the 3rd Conf. on Peer-to-Peer Computing},
    Month = {Sep.},
    year = {2003},
    pages = {160--167}
}

%------------------ NETWORK-SIZE ESTIMATION -----------------------%

@article{HM:03,
 author = {K. Horowitz and D. Malkhi},
 title = {Estimating network size from local information},
 journal = {ACM Information Processing Letters},
 volume = {88},
 number = {5},
 month = {Dec.},
 year = {2003},
 pages = {237--243},
}
@TECHREPORT{MMMS:05,
  AUTHOR =       {S. Mane and S. Mopuru and K. Mehra and J. Srivastava},
  TITLE =        {Network Size Estimation in a peer-to-peer Network},
  INSTITUTION =  {Univ. of Minnesota},
  YEAR =         {2005},
  source =       {Tech. report 05-030},
}
@inproceedings{GS:05,
    author = {P.B. Godfrey and I. Stoica},
    title = {Heterogeneity and Load Balance in Distributed Hash Tables},
    booktitle = {Int'l Joint Conf. IEEE Comp. and Comm. Societies (INFOCOMM)},
    Month = {Mar.},
    year = {2005},
    pages = {596--606}
}
@inproceedings{PASR:04,
 author = {M. Peysakhov and D. Artz and E. Sultanik and W.C. Regli},
 title = {Network awareness for mobile agents on ad hoc networks},
 booktitle = {Int'l. Joint Conf. on Autonomous Agents and Multiagent Systems},
 month = {Jul.},
 year = {2004},
 pages = {368--375},
 }
@inproceedings{SMKKB:01,
 author = {I. Stoica and R. Morris and D.R. Karger and M.F. Kaashoek and H. Balakrishnan},
 title = {Chord: A scalable peer-to-peer lookup service for internet applications},
 booktitle = {ACM SIGCOMM},
 month = {Aug.},
 year = {2001},
 pages = {149--160},
 }
@book{Bir:05,
    author = {K.P. Birman},
    title = {Reliable Dist. Sys.: Techs., Web Svcs., and Apps.},
    year = {2005},
    publisher = {Springer},
}

%------------------ SERVICE COMPOSITION -----------------------%

@article{AM:02,
 author = {V.A. Almeida and D.A. Menasc{\'e}},
 title = {Capacity Planning: An Essential Tool for Managing Web Services},
 journal = {IT Professional},
 volume = {4},
 number = {4},
 month = {Jul.},
 year = {2002},
 pages = {33--18},
 }

@inproceedings{LGZ:07,
 author = {Y. Liu and I. Gorton and L. Zhu},
 title = {Performance Prediction of Service-Oriented Applications based on an Enterprise Service Bus},
 booktitle = {Proc. of the IEEE Intl. Computer Software and Applications Conf.},
 month = {Jul.},
 year = {2007},
 pages = {327--334},
}
@inproceedings{HGEZ:06,
 author = {M.R. Head and M. Govindaraju and R. van Engelen and W. Zhang},
 title = {Benchmarking {XML} Processors for Applications in Grid Web Services},
 booktitle = {Proc. of the ACM/IEEE Conf. on Supercomputing},
 month = {Nov.},
 year = {2006},
 pages = {30--37},
}
@inproceedings{LVM:09,
 author = {N. Laranjeiro and M. Vieira and H. Madeira},
 title = {Improving Web Services},
 booktitle = {Proc. of the IEEE Intl. Conf. on Web Services},
 month = {Jul.},
 year = {2009},
 pages = {397--404},
}
@inproceedings{XOL:05,
 author = {W. Xu and J. Offutt and J. Luo},
 title = {Testing Web services by XML perturbation},
 booktitle = {Proc. 16th IEEE Intl. Symposium on Software Reliability Engineering},
 month = {Nov.},
 year = {2005},
 pages = {275--266},
}

@inproceedings{KLMRTTTU:06,
 author = {T. Kalibera and J. Lehotsky and D. Majda and B. Repcek and M. Tomcanyi and A. Tomecek and P. Tuma and J. Urban},
 title = {Automated benchmarking and analysis tool},
 booktitle = {ACM Int'l Conf. on Perf. Eval. Methodologies and Tools},
 month = {Oct.},
 year = {2006},
 pages = {51-60},
 }

@inproceedings{ZGLB:06,
 author = {L. Zhu and I. Gorton and Y. Liu and N.B. Bui},
 title = {Model driven benchmark generation for web services},
 booktitle = {Proc. of the Intl. Workshop on Service-oriented Software Engineering},
 month = {May},
 year = {2006},
 pages = {33--39},
}
@inproceedings{K:89,
 author = {D.L. Kuhn},
 title = {Selecting and effectively using a computer aided software engineering tool},
 booktitle = {Annual Westinghouse Computer Symposium},
 month = {Nov.},
 year = {1989},
 pages = {1--11},
}

@inproceedings{TP:04,
    author = {P. Traverso and M. Pistore},
    title = {Automated Composition of Semantic Web Services into Executable Processes},
    booktitle = {Int'l Semantic Web Conf.},
    month = {Nov.},
    year = {2004},
    pages = {380--394},
}
@inproceedings{PKPS:02,
    author={M. Paolucci and T. Kawamura and T.R. Payne and K. Sycara},
    title={Semantic Matching of Web Services Capabilities},
    booktitle={Int'l Semantic Web Conf.},
    month = {Nov.},
    year={2002},
    pages={333--347},
}
@article{ETT:08,
 author = {I. Elgedawy and Z. Tari and J.A. Thom},
 title = {Correctness-aware high-level functional matching approaches for semantic Web services},
 journal = {ACM Trans. Web},
 volume = {2},
 number = {2},
 year = {2008},
 pages = {1--40},
}
@inproceedings{MPC:01,
    author={M. Mecella and B. Pernici and P. Craca},
    title={Compatibility of e-services in a cooperative multiplatformenvironment.},
    booktitle={Int'l VLDB Wkshp. on Technologies for e-Services},
    month = {Sep.},
    year={2001},
    pages={44--57},
}
@inproceedings{VP:06,
 author = {Q.B. Vo and L. Padgham},
 title = {A Component-Based Approach to Automated Web Service Composition},
 booktitle = {IEEE/WIC/ACM Int'l Conf. on Web Intelligence},
 month = {Nov.},
 year = {2006},
 pages = {657--661},
 }
@inproceedings{BCDHM:05,
 author = {D. Berardi and D. Calvanese and G. De Giacomo and R. Hull and M. Mecella},
 title = {Automatic composition of transition-based semantic web services with messaging},
 booktitle = {Int'l Conf. on very large databases},
 month = {Sep.},
 year = {2005},
 pages = {613--624},
 }
@article{TGRD:07,
 author = {E. Toch and A. Gal and I. Reinhartz-Berger and D. Dori},
 title = {A semantic approach to approximate service retrieval},
 journal = {ACM Trans. Internet Technol.},
 volume = {8},
 number = {1},
 year = {2007},
 pages = {21--50},
 }
@article{CS:03,
 author = {J. Cardoso and A. Sheth},
 title = {Semantic e-workflow composition},
 journal = {ACM J. Intell. Inf. Syst.},
 volume = {21},
 number = {3},
 year = {2003},
 pages = {191--225},
 }
@article{MBE:03,
 author = {B. Medjahed and A. Bouguettaya and A.K. Elmagarmid},
 title = {Composing web services on the semantic web},
 journal = {Very Large Databases Journal},
 volume = {12},
 number = {4},
 year = {2003},
 pages = {333--351},
 }
@inproceedings{TGD:05,
 author = {E. Toch and A. Gal and D. Dori},
 title = {Automatically grounding semantically-enriched conceptual models to concrete web services},
 booktitle = {Int'l Conf. on Conceptual Modeling },
 month = {Oct.},
 year = {2005},
 pages = {304--319},
}
@article{BCCG:04,
 author = {V. Benjamins and J. Contreras and O. Corcho and A. G{\'o}mez-P{\'e}rez},
 title = {Six challenges for the semantic Web},
 journal = {AIS SIGSEMIS Bulletin},
 volume = {1},
 number = {2},
 year = {2004},
 pages = {24--25},
 }
@article{KS:03,
 author = {Y. Kalfoglou and M. Schorlemmer},
 title = {Ontology mapping: the state of the art},
 journal = {Knowledge Engr. Rev.},
 volume = {18},
 number = {1},
 year = {2003},
 pages = {1--31},
 }
@TECHREPORT{M:98,
  AUTHOR =       {D. McDermott},
  TITLE =        {The Planning Domain Definition Language Manual},
  INSTITUTION =  {Yale University, Technical Report 1165},
  YEAR =         {1998},
  month =        {Nov.},
  source =       {CVC Report 98-003},
}
@inproceedings{SDF:03,
 author = {M. Sheshagiri and M. desJardins and T. Finin},
 title = {A Planner for Composing Services Described in DAML-S},
 booktitle = {Wkshp. on Web Svcs. and Agent-based Engineering},
 month = {Jul.},
 year = {2003},
 pages = {1--5},
}
@inproceedings{WPSHN:03,
 author = {D. Wu and B. Parsia and E. Sirin and J. Hendler and D. Nau.},
 title = {Automating DAML-S Web Services Composition using SHOP2},
 booktitle = {Int'l Semantic Web Conf.},
 month = {Nov.},
 year = {2003},
 pages = {195--210},
}
@article{LHM:09,
 author = {X. Liu and Gang Huang and H. Mei},
 title = {Discovering Homogeneous Web Service Community in the User-Centric Web Environment},
 journal = {IEEE Trans. on Services Computing},
 volume = {2},
 number = {2},
 month = {Apr.-Jun.},
 year = {2009},
 pages = {167--181},
 }
@article{AM:09,
 author = {E. Al-Masri and Q.H. Mahmoud, Q.H.},
 title = {Web Service Discovery and Client Goals},
 journal = {IEEE Computer},
 volume = {42},
 number = {1},
 month = {Jan.},
 year = {2009},
 pages = {104--107},
 }
@article{TMC:09,
 author = {A. Toninelli and R. Montanari and A. Corradi},
 title = {Enabling secure service discovery in mobile healthcare enterprise networks},
 journal = {IEEE Wireless Communications},
 volume = {16},
 number = {3},
 month = {Jun.},
 year = {2009},
 pages = {24--32},
 }
@MISC{jini:09,
      AUTHOR = {Jini},
      title = {Jini (Apache Software Foundation)},
      NOTE = {http://www.jini.org},
}
@MISC{uddi:09,
      AUTHOR = {W3 Consortium},
      title = {UDDI},
      NOTE = {http://www.w3.org},
}

%------------------ SITUATION AWARENESS -----------------------%

@inproceedings{D:08,
    author = {D.A. DeLaurentis},
    title = {Situation Awareness and the Cognitive Management of Complex Systems},
    booktitle = {IEEE Intl. Conf. on System of Systems Engr.},
    month = {Jun.},
    year = {2008},
    pages = {1--6},
}
@INBOOK{DS:73,
  author = {R.M. Downs and D. Stea},
  title = {Image and Environment, R.M. Downs and D. Stea, Eds.},
  chapter = {Cognitive Maps and Spatial Behavior: Process and products},
  publisher = {Aldine},
  year = {1973},
}
@article{E:95,
    author = {M.R. Endsley},
    journal = {Human Factors},
    title = {Toward a Theory of Situation Awareness in Dynamic Systems},
    volume = {37},
    year = {1995},
    pages = {32--64},
}
@article{ATP:95,
    author = {M.J. Adams and Y.J. Tenney and R.W. Pew},
    journal = {Human Factors},
    title = {Situation Awareness and the Cognitive Management of Complex Systems},
    volume = {37},
    year = {1995},
    pages = {85--104},
}
@TECHREPORT{UC:02,
  AUTHOR =       {J. Uhlarik and D.A. Comerford},
  TITLE =        {A Review of Situation Awareness Literature Relevant to Pilot Surveillance Functions},
  INSTITUTION =  {DOT/FAA},
  YEAR =         {2002},
  month =        {Mar.},
  source =       {DOT/FAA/AM-02/3},
}
%------------------ SYSTEM OF SYSTEMS -----------------------%
@inproceedings{JST:09,
    author = {D. Jackson and G. Sedrick and K. Tayeb},
    title = {Algorithmic Development of Effectiveness Prediction for System of Systems},
    booktitle = {Proc. of the 41st Southeastern Symposium on System Theory},
    month = {Mar.},
    year = {2009},
    pages = {164--168},
}
@inproceedings{BS:06,
    author = {J. Boardman and B. Sauser},
    title = {System of Systems - the meaning of},
    booktitle = {Proc. of the IEEE/SMC Intl. Conf. on System of Systems Engineering (SoSE)},
    month = {Apr.},
    year = {2006},
    pages = {118--123},
}
@inproceedings{D:06,
    author = {M.J. DiMario},
    title = {System of Systems Interoperability Types and Characteristics in Joint Command and Control},
    booktitle = {Proc. of the IEEE/SMC Intl. Conf. on SoSE},
    month = {Apr.},
    year = {2006},
    pages = {236--241},
}
@BOOK{J:02,
  AUTHOR = {S. Johnson},
  YEAR = {2002},
  TITLE = {Emergence - The connected lives of ants, brains, cities, and software},
  PUBLISHER = {NY: Touchstone},
}

%------------------ NETWORKING/OSI -----------------------%
@article{Z:80,
    author = {H. Zimmerman},
    journal = {IEEE Transactions on Communications},
    title = {{OSI} Reference Model - the {ISO} Model of Architecture for Open System Interconnection},
    volume = {28},
    number = {4},
    month = {Apr.},
    year = {1980},
    pages = {425--432},
}
@TECHREPORT{M:01,
  AUTHOR =       {M. Roesch},
  TITLE =        {Snort - Lightweight Intrusion Detection for Networks},
  INSTITUTION =  {Soucefire},
  YEAR =         {2001},
  source =       {http://assets.sourcefire.com/snort/developmentpapers/Lisapaper.txt},
}

%------------------ FIRST RESPONDERS -----------------------%

@MISC{drakontas:09,
      AUTHOR = {Drakontas},
      NOTE = {http://www.drakontas.com},
}
@MISC{justnet:09,
      AUTHOR = {Justnet},
      title = {Justice Technology Information Network},
      NOTE = {http://www.justnet.org},
}
@MISC{secpr:09,
      AUTHOR = {U.S. House},
      title = {Examining Preparedness and Coordination Efforts of First Responders Along the Southwest Border},
      NOTE = {http://homeland.house.gov/Hearings/index.asp?ID=184},
}
@MISC{911:09,
      AUTHOR = {911 Commission},
      title = {911 Commission Report},
      NOTE = {http://www.9-11commission.gov/report/911Report.pdf},
}
@MISC{alion:09,
      AUTHOR = {Alion},
      title = {Response Information Folder System (RIFS)},
      NOTE = {www.alionscience.com},
}
@MISC{tendenci:09,
      AUTHOR = {Tendenci},
      title = {Tendenci First Responder Integration},
      NOTE = {http://www.tendenci.com/mms/firstresponders/},
}
@MISC{agis:09,
      AUTHOR = {AGIS},
      title = {Advanced Ground Information Systems (AGIS) for First Responders},
      NOTE = {http://www.agisinc.com/FirstResponders.asp},
}
@MISC{cooper:09,
      AUTHOR = {Cooper},
      title = {Roam Secure Alert and Notification System},
      NOTE = {http://www.roamsecure.net/},
}
%------------------ DCOP -----------------------%

@inproceedings{ML:04,
    author = {R. Mailler and V. Lesser},
    title = {Solving Distributed Constraint Optimization Problems Using Cooperative Mediation},
    booktitle = {Intíl Joint Conf. Autonomous Agents and Multiagent Systems},
    month = {Jul.},
    year = {2004},
    pages = {438ñ-445},
}
@inproceedings{MSTY:03,
    author = {P.J. Modi and W.M. Shen and M. Tambe and M. Yokoo},
    title = {An Asynchronous Complete Method for Distributed Constraint Optimization},
    booktitle = {Intíl Joint Conf. Autonomous Agents and Multiagent Systems},
    month = {Jul.},
    year = {2003},
    pages = {161ñ-168},
}
@inproceedings{PF:04,
    author = {A. Petcu and B. Faltings},
    title = {A Distributed, Complete Method for Multi-Agent Constraint Optimization},
    booktitle = {Intíl Wkshp. on Distributed Constraint Reasoning},
    month = {Jul.},
    year = {2004},
    pages = {21ñ-35},
}
@inproceedings{BCOPRBD:04,
    author = {J. Ballard and J. Choi and T. Oakes and M. Pizzuto and J. Ramirez and D.E. Brown and J. Dalton},
    title = {Visual decision-support tools for first responders},
    booktitle = {IEEE Systems and Info. Engr. Design Sym.},
    month = {Apr.},
    year = {2004},
    pages = {267--274},
}
@article{KSLNDMR:08,
    author = {J.B. Kopena and E.A. Sultanik and R.N. Lass and D.N. Nguyen and C.J. Dugan and P.J. Modi and W.C. Regli},
    journal = {IEEE Internet Computing},
    title = {Distributed Coordination of First Responders},
    volume = {12},
    number = {1},
    month = {Jan./Feb.},
    year = {2008},
    pages = {44--47},
}
@inproceedings{LRKMS:08,
    author = {R.N. Lass and W.C. Regli and A. Kaplan and M. Mitkus and J.J. Sim},
    title = {Facilitating Communication for First Responders Using Dynamic Distributed Constraint Optimization},
    booktitle = {IEEE Conf. on Technologies for Homeland Security},
    month = {May},
    year = {2008},
    pages = {316--320},
}

%------------------ SOFTWARE ENGINEERING -----------------------%
@article{B:88,
    author = {B. Boehm},
    journal = {IEEE Computer},
    title = {A Spiral Model of Software Development and Enhancement},
    volume = {21},
    number = {5},
    month = {May},
    year = {1988},
    pages = {61--72},
}

%------------------ WEBSITES -----------------------%
@MISC{traffic:09,
      AUTHOR = {AADT},
      title = {Walt Whitman Bridge},
      NOTE = {http://www.phillyroads.com/crossings/walt-whitman/},
}
@MISC{wwb:09,
      AUTHOR = {NBC},
      title = {Couple Charged in Walt Whitman Bridge Standoff},
      NOTE = {http://www.nbcphiladelphia.com/news/local/Couple-Charged-in-Walt-Whitman-Bridge-Standoff.html},
}

@MISC{siistra:09,
      AUTHOR = {U.S. House},
      title = {Beyond ISE Implementation: Exploring the Way Forward for Information Sharing},
      NOTE = {http://homeland.house.gov/hearings/index.asp?ID=210},
}
@MISC{opnet:09,
      AUTHOR = {OPNET},
      title = {Modeler Wireless Suite for Defense},
      NOTE = {http://www.opnet.com},
}
@MISC{exata:09,
      AUTHOR = {Scalable-networks},
      title = {Exata Emulation Software},
      NOTE = {http://www.scalable-networks.com/exata},
}
@MISC{qualnet:09,
      AUTHOR = {Scalable-networks},
      title = {Qualnet Simulation Software},
      NOTE = {http://www.scalable-networks.com/products/developer/new\_in\_45.php},
}
@TECHREPORT{exata-parallel:09,
 author = {Scalable-networks},
 title = {Whitepaper: Parallel Execution},
 institution = {Qualnet},
 year = {2007},
 source = {http://www.scalable-networks.com/publications/document\_requests.php},
}
@TECHREPORT{jta:03,
 author = {DoD},
 title = {Joint Technical Architecture, v.6.0},
 institution = {Department of Defense},
 month = {Oct.},
 year = {2003},
 source = {http://www.acq.osd.mil/osjtf/pdf/jta-vol-I.pdf},
}


%------------------ GRAPHICAL PROGRAMMING -----------------------%
@MISC{scratch:09,
      AUTHOR = {Scratch},
      title = {Scratch from MIT Media Labs},
      NOTE = {http://scratch.mit.edu/},
}
@MISC{alice:09,
      AUTHOR = {Alice},
      title = {Alice (Carnegie Mellon University)},
      NOTE = {http://www.alice.org/},
}
%------------------ REINFORCEMENT LEARNING -----------------------%
@BOOK{SB:98,
  AUTHOR = {R.S. Sutton and A.G. Barto},
  YEAR = {1998},
  TITLE = {Reinforcement Learning: An Introduction},
  PUBLISHER = {Cambridge, MA: MIT Press},
}
%--------------------- PLANNING --------------------------%
@article{ABCHJKMMRY:04,
  author = {M. Ai-Chang and J. Bresina and L. Charest and J. Hsu and A.K. Jonsson and B. Kanefsky and P. Maldague and P. Morris and K. Rajan and J. Yglesias},
  title = {MAPGEN Planner: Mixed-initiative activity planning for the Mars Exploration Rover mission},
  journal = {IEEE Intelligent Systems},
  volume = {19},
  number =  {1},
  pages = {8--12},
  month = {Jan./Feb.},
  year = {2004},
}
@INBOOK{BM:96,
  author = {M. Burstein and D. McDermott},
  title = {Cognitive Technology (B. Gorayska, and J. L. Mey, Eds.)},
  chapter = {Issues in the development of human-computer mixed-initiative planning},
  publisher = {Elsevier},
  year = {1996},
  pages = {285--303},
}
@inproceedings{PSR:99,
  author = {D.A. Pegram and R. St.Amant and M. Riedl},
  title = {An approach to visual interaction in mixed-initiative planning},
  booktitle = {Mixed-Initiative Intelligence workshop, AAAI-99},
  month = {Jul.},
  year = {1999},
  pages = {15--23},
}
%--------------------- PROVENANCE AND TRUST --------------------------%
@inproceedings{DLBK:08,
 author = {C. Dai and D. Lin and E. Bertino and M. Kantarcioglu},
 title = {An Approach to Evaluate Data Trustworthiness Based on Data Provenance},
 booktitle = {ACM VLDB Wkshp. on Secure Data Mgmt.},
 month = {Sep.},
 year = {2008},
 pages = {82--98},
 }
@inproceedings{MK:03,
  author    = {R.M. MacGregor and I.Y. Ko},
  title     = {Representing Contextualized Data using Semantic Web Tools},
  booktitle = {PSSS},
  year      = {2003},
}
%--------------------- COLLABORATIVE DESIGN --------------------------%
@inproceedings{KLB:90,
 author = {M. Klein and S.C.-Y. Lu and A.B. Baskin},
 title = {Towards a theory of conflict resolution in cooperative design},
 booktitle = {IEEE Int'l Conf. on Sys. Sciences},
 month = {Jan.},
 year = {1990},
 pages = {41--50},
 }
 @inproceedings{AM:06,
 author = {S. Arora and A.K. Mittal},
 title = {A priority based conflict resolution approach for automated guided vehicles},
 booktitle = {American Control Conf.},
 month = {Jun.},
 year = {2006},
 pages = {1--6},
 }
 @inproceedings{HSTZW:08,
 author = {J. Hou and C. Su and L. Tang and L. Zhu and W. Wang},
 title = {Conflict resolution for collaborative design},
 booktitle = {IEEE Conf. on Automation and Logistics},
 month = {Sep.},
 year = {2008},
 pages = {875--880},
 }

@book{BKT:01,
    author = {P. Buneman and S. Khanna and W.-C. Tan},
    title = {Why and Where: A Characterization of Data Provenance},
    booktitle = {ICDT},
    year = {2001},
    pages = {316--330},
    publisher = {Springer}
}
@MISC{cclrc:02,
      AUTHOR = {CCLRC},
      title = {Framework for Security and Trust Standards},
      NOTE = {http://www.ninebynine.org/SWAD-E/Security-formats.html},
}
 @inproceedings{ram2006usd,
 author = {S. Ram and J. Liu},
 title = {PROMS: A System for Harvesting and Managing Data Provenance},
 booktitle = {Wkshp. in Information Technology and Systems},
 month = {Dec.},
 year = {2006},
 }

%----------------- SITL, HITL -------------------------------%
@inproceedings{MWMDHB:03,
 author = {R. Martinez and W. Wu and K. McNeill and J. Deal and T. Haynes and D. Bradford},
 title = {Hardware and software-in-the-loop techniques using the OPNET modeling tool for JTRS developmental testing},
 booktitle = {Proc. IEEE MILCOM Conf.},
 month = {Oct.},
 year = {2003},
 pages = {469--474},
}
@inproceedings{GF:07,
 author = {Y. Gu and R. Fujimoto},
 title = {Performance Evaluation of the {ROSENET} Network Emulation System},
 booktitle = {Proc. of the IEEE Intl. Sym. on Distributed Simulation and Real-time Applications},
 month = {Oct.},
 year = {2007},
 pages = {276--283},
}
@inproceedings{ZN:02,
 author = {P. Zheng and L.M. Ni},
 title = {Experiences in building a scalable distributed network emulation system},
 booktitle = {Proc. of the 9th ICPADS},
 month = {Dec.},
 year = {2002},
 pages = {189--194},
}
@inproceedings{MI:04,
 author = {D. Mahrenholz and S. Ivanov},
 title = {Real-Time Network Emulation with ns-2},
 booktitle = {IEEE Int'l Sym. on Distributed Simulation and Real-time Applications},
 month = {Oct.},
 year = {2004},
 pages = {29--36},
 keywords = {issues with timing},
}
@inproceedings{TDMTGF:08,
 author = {D. Tebben and A. Dwivedi and J. Madsen and W. Turner and J. Garretson and T. Frey},
 title = {Tenet (tactical edge network emulation tool): A tool for connectivity analysis for tactical scenario},
 booktitle = {Proc. IEEE MILCOM Conf.},
 month = {Nov.},
 year = {2008},
 pages = {1--7},
 keywords = {wireless conditions hard to simulate},
}
@inproceedings{GMHR:08,
 author = {A. Grau and S. Maier and K. Herrmann and K. Rothermel},
 title = {Time Jails: A Hybrid Approach to Scalable Network Emulation},
 booktitle = {Proc. of the ACM Workshop on Principles of Advanced and Distributed Simulation},
 month = {Jun.},
 year = {2008},
 pages = {7--14},
 }
@inproceedings{MGWR:07,
 author = {S. Maier and A. Grau and H. Weinschrott and K. Rothermel},
 title = {Scalable Network Emulation: A Comparison of Virtual Routing and Virtual Machines},
 booktitle = {Proc. of the IEEE Symposium on Computers and Communications},
 month = {Jul.},
 year = {2007},
 pages = {395--402},
 }
@inproceedings{WFR:01,
 author = {H. Wu and R. Fujimoto and G. Riley},
 title = {Experiences parallelizing a commercial network simulator},
 booktitle = {Proc. of the Winter Simulation Conf.},
 month = {Dec.},
 year = {2001},
 pages = {1353--1360},
 }
@inproceedings{TVVPMA:06,
 author = {M. Thoppian and S. Venkatesan and H. Vu and R. Prakash and N. Mittal and J. Anderson},
 title = {Improving Performance of Parallel Simulation Kernel for Wireless Network Simulations},
 booktitle = {Proc. IEEE MILCOM Conf.},
 month = {Oct.},
 year = {2006},
 pages = {1--6},
 }
@inproceedings{BVB:06,
 author = {C. Bergstrom and S. Varadarajan and G. Back},
 title = {The Distributed Open Network Emulator: Using Relativistic Time for Distributed Scalable Simulation},
 booktitle = {IEEE Wkshp. on Principles of Advanced and Distributed Simulation},
 month = {May},
 year = {2006},
 pages = {24--26},
 }
@article{SU:03,
  author = {R. Simmonds and B. W. Unger},
  title = {Towards scalable network emulation},
  journal = {Computer Communications},
  volume = {26},
  number =  {3},
  pages = {264--277},
  month = {Jan.},
  year = {2003},
}
@inproceedings{KSU:05,
 author = {C. Kiddle and R. Simmonds and B. Unger},
 title = {Improving Scalability of Network Emulation through Parallelism and Abstraction},
 booktitle = {IEEE Annual Simulation Sym.},
 month = {Apr.},
 year = {2005},
 pages = {119--129},
 }
@inproceedings{AH:06,
 author = {G. Apostolopoulos and C. Hasapis},
 title = {V-eM: A Cluster of Virtual Machines for Robust, Detailed, and High-Performance Network Emulation},
 booktitle = {IEEE Sym. on Modeling, Analysis, and Simulation},
 month = {Sep.},
 year = {2006},
 pages = {117--126},
 }
@inproceedings{GYMSVV:06,
 author = {D. Gupta and K. Yocum and M. McNett and A.C. Snoeren and A. Vahdat and G. M. Voelker},
 title = {To Infinity and Beyond: Time-Warped Network Emulation},
 booktitle = {IEEE Sym. on Networked Systems Design and Implementation},
 month = {May},
 year = {2006},
 pages = {87--100},
 }
@TECHREPORT{HRSDGSWL:04,
 author = {M. Hibler and R. Ricci and L. Stoller and J. Duerig and S. Guruprasad and T. Stack and K. Webb and J. Lepreau},
 title = {Feedback-directed Virtualization Techniques for Scalable Network Experimentation},
 institution = {University of Utah Flux Group Technical Note},
 month = {May},
 year = {2004},
 source = {FTN-2004-02},
 }
@article{MRBV:06,
  author = {P. Mahadevan and A. Rodriguez and D. Becker and A. Vahdat},
  title = {MobiNet: A Scalable Emulation Infrastructure for Ad Hoc and Wireless Networks},
  journal = {ACM SIGMOBILE Mobile Computing and Communications Review},
  volume = {10},
  number =  {2},
  pages = {26--37},
  month = {Apr.},
  year = {2006},
}
@inproceedings{KMJ:00,
 author = {Q. Ke and D. A. Maltz and D.B. Johnson},
 title = {Emulation of Multi-Hop Wireless Ad Hoc Networks},
 booktitle = {Wrkshp. on Mobile Multimedia Communications},
 month = {Oct.},
 year = {2000},
 }
@inproceedings{JX:03,
 author = {X. Jiang and D. Xu},
 title = {vBET: A VM-Based Emulation Testbed},
 booktitle = {ACM SIGCOMM Wrkshp.},
 month = {Aug.},
 year = {2003},
 pages = {95--104},
 }
@inproceedings{ZN:03,
 author = {P. Zheng and L.M. Ni},
 title = {EMPOWER: A Network Emulator for Wireless and Wired Networks},
 booktitle = {Conf. on Computer Communications (INFOCOM)},
 month = {Apr.},
 year = {2003},
 pages = {1933--1942},
}
@inproceedings{ZM:04,
 author = {M. Zec and M. Mikuc},
 title = {Operating System Support for Integrated Network Emulation in IMUNES},
 booktitle = {Wrkshp. on Operating System and Architectural Support for the On-demand IT InfraStructure (OASIS)},
 month = {Apr.},
 year = {2004},
 pages = {3--12},
}
@inproceedings{KD:00,
 author = {K.G. Jones and S.R. Das},
 title = {Parallel execution of a sequential network simulator},
 booktitle = {ACM Conf. on Winter Simulation},
 month = {Dec.},
 year = {2000},
 pages = {418--424},
 }
@inproceedings{DIKMR:99,
 author = {D. Driscoll and J. Impson and S. Kupst and N. Mehravari and S. Rush},
 title = {A state-of-the-art environment for research, design, evaluation, prototyping, and integration of dual-use advanced networking and network-centric information technologies},
 booktitle = {Proc. IEEE MILCOM Conf.},
 month = {Oct.},
 year = {1999},
 pages = {376--380},
 }
@inproceedings{NFNLNHOGSTL:08,
 author = {P. Nguyen and R. Ferro and A. Nguyen and S. Lam and T. Nguyen and T. Ho and R. Ogden and D. Greene and M. Stell and C. Tran and A.K. Legaspi},
 title = {Navy internet protocol version 6 (IPv6) transition strategy in support of network-centric operations and warfare},
 booktitle = {Proc. IEEE MILCOM Conf.},
 month = {Nov.},
 year = {2008},
 pages = {1--7},
 }
@inproceedings{BV:05,
 author = {K.Z. Bell and M.A. Vouk},
 title = {On effectiveness of pairwise methodology for testing network-centric software},
 booktitle = {IEEE Conf. on Enabling Technologies for the New Knowledge Society},
 month = {Dec.},
 year = {2005},
 pages = {221--235},
 }
@inproceedings{LYSKC:06,
 author = {K.G. LeSueur and K. Yetzer and M. Stokes and A. Krishnamurthy and A. Chalker},
 title = {Distributed Tests: An ARMY Perspective},
 booktitle = {IEEE HPCMP Users Group Conf.},
 month = {Jun.},
 year = {2006},
 pages = {334--337},
 }
@article{W:04,
 author = {L. Wheelwright},
 title = {The network centric test system},
 journal = {IEEE Aerospace and Electronic Systems Magazine},
 volume = {19},
 number = {9},
 month = {Sep.},
 year = {2004},
 pages = {14--18},
 }
@inproceedings{HF:05,
 author = {R. Hammett and M. Ferry},
 title = {A testbed for the development, demonstration and testing of information fusion systems},
 booktitle = {IEEE Int'l Conf. on Information Fusion},
 month = {Jul.},
 year = {2005},
 pages = {1--7},
}
@inproceedings{NBKNSK:09,
 author = {S. Neema and T. Bapty and X. Koutsoukos and H. Neema and J. Sztipanovits and G. Karsai},
 title = {Model based integration and experimentation of Information Fusion and C2 Systems},
 booktitle = {IEEE Int'l Conf. on Information Fusion},
 month = {Jul.},
 year = {2009},
 pages = {1958--1965},
}
@inproceedings{WCZAS:07,
 author = {H. Wang and B. Crilly and W. Zhao and C. Autry and S. Swank},
 title = {Implementing Mobile Ad Hoc Networking (MANET) over Legacy Tactical Radio Links},
 booktitle = {Proc. IEEE MILCOM Conf.},
 month = {Oct.},
 year = {2007},
 pages = {1--7},
 }
@inproceedings{FY:09,
 author = {H. Fei and B. Yu},
 title = {Research on the design of network testing laboratory},
 booktitle = {IEEE Int'l. Conf. on Computer Science and Education},
 month = {Jul.},
 year = {2009},
 pages = {1693--1698},
 }
@inproceedings{M:07,
 author = {M. Maher},
 title = {Joint tactical radio system: Tactical network planning and management},
 booktitle = {Proc. IEEE MILCOM Conf.},
 month = {Oct.},
 year = {2007},
 pages = {1--7},
 }
@TECHREPORT{jnn:06,
 author = {DoD},
 title = {Tactics, Techniques, and Procedures (TTPs) for the Joint Network Node-Network (JNN-N)},
 institution = {Headquarters, Department of the Army},
 month = {Sep.},
 year = {2006},
 source = {FMI 6-02.60},
}
@inproceedings{DGK:07,
 author = {S. Demers and P. Gopalakrishnan and L. Kant},
 title = {A Generic Solution to Software-in-the-Loop},
 booktitle = {Proc. of the IEEE MILCOM Conf.},
 month = {Oct.},
 year = {2007},
 pages = {1--6},
 }
% QualNet has been used by UCLA on a project called MAYA~\cite{ZJTB:04} to study
%the interaction between real applications and underlying network dynamics with
%an emphasis on solving real time synchronization issues introduced when
%integrating discrete event models, analytical models, and interfaces to the
%physical network.
@article{ZJTB:04,
 author = {J. Zhou and Z. Ji and M. Takai and R. Bagrodia},
 title = {{MAYA}: Integrating hybrid network modeling to the physical world},
 journal = {ACM Transactions On Modeling and Computer Simulation},
 volume = {14},
 number = {2},
 month = {Apr.},
 year = {2004},
 pages = {149--169},
}


%%%% TITAN.bib


% relevant Army FMs

% FM 5-0 Army Planning and Order Productions
% the OPORD
@techreport{FM5-0,
  title = {Army Planning and Orders Production},
  number={FM 5-0},
  year={2005},
  month={January},
  institution={Department of {US} Army},
  author={Headquarters}
}

% FM 3-0
@techreport{FM3-0,
  title = {Operations},
  number={FM 3-0},
  year={2008},
  month={February},
  institution={Department of {US} Army},
  author={Headquarters}
}

% FM 3-90.6 Brigade Combat Team
% for the organization and operations
@techreport{FM3-90.6,
  title = {The Brigade Combat Team},
  number={FM 3-90.6},
  year={2006},
  month={August},
  institution={Department of {US} Army},
  author={Headquarters}
}


% FM 6-0 Mission Command: Command and Control of Army Forces
% C2 Doctrine 
@techreport{FM6-0,
  title = {Mission Command and Control of Army Forces},
  number={FM 6-0},
  year={2003},
  month={August},
  institution={Department of {US} Army},
  author={Headquarters}
}

% FM 3-20.96  Reconnaissance Squadron
% FM 3-20.98  Reconnaissance Platoon

% FM 3-22.90  MORTARS
% FM 3-22.91 7/17/2008MORTAR FIRE DIRECTION CENTER PROCEDURES


% FMI 6-02.60  Tactics, Techniques and Procedures (TTPs) for Joint Network Node
% Network
@techreport{fm602,
  title = {Tactics, Techniques, and Procedures ({TTPs}) for the Joint Network Node-Network({JNN-N})},
  number={FMI 6-02.60},
  year={2006},
  month={September},
  institution={Department of {US} Army},
  author={Headquarters}
}

@techreport{bcec08,
  title={The Battle Command Essential Capabilities ({BCEC}) White Paper},
  institution={Battle Command Battle Lab, Ft Leavenworth, KS},
  author={{TRADOC} Capabilities Manager},
  month={October},
  year={2008},
}

%------- XMPP refs --------
[2] Saint-Andre, Peter. “XEP-0045: Multi-User Chat.” 
@misc{xep0045,
  author={Saint-Andre, P.},
  title={{XEP-0045}: Multi-User Chat},
  note="\texttt{http://xmpp.org/extensions/xep-0045.html}"
}
[3] Hildebrand, et al. “XEP-0030: Service Discovery.” 
[4] Saint-Andre, Peter. “XEP-0174: Serverless Messaging.”
@misc{xep0174,
  author={Saint-Andre, P.},
  title={{XEP-0174}: Serverless Messaging},
  note="\texttt{http://xmpp.org/extensions/xep-0174.html}"
}

% JBoss
@misc{jboss,
  author={JBoss},
  title={JBoss Application Server},
  note="\texttt{http://jboss.org}"
}


@article{stevens1946theory,
	title={On the Theory of Scales of Measurement},
	author={Stanley Smith Stevens},
	journal={Science},
	volume={103},
	number={2684},
	pages={677--680},
	year={1946}
}

@techreport{lightsey01systems,
    author = {B. Lightsey},
    title = {Systems Engineering Fundamentals},
    institution = {Defense Acquisition University},
    year = {2001}
}
@TECHREPORT{DAU:01,
  AUTHOR =       {Department of Defense Systems Management College},
  TITLE =        {Systems Engineering Fundamentals},
  INSTITUTION =  {Defense Acquisition University},
  month = {Jan.},
  YEAR =         {2001},
  source =       {http://www.dau.mil/pubscats/PubsCats/SEFGuide\%2001-01.pdf},
}

@misc{pebras,
    author = {R. Madhavan and E. Messina and A. del Pobil},
    title = {Performance Evaluation and Benchmarking of Robotic and Automation Systems: Committee Information},
    month = {Oct.},
    year = {2009},
    note = {\url{http://tab.ieee-ras.org/committeeinfo.php?tcid=35}}
}

@misc{ippm,
    author = {M. Zekauskas and H. Uijterwaal},
    title = {Internet Engineering Task Force},
    month = {Oct.},
    year = {2009},
    note = {\url{http://ietf.org/dyn/wg/charter/ippm-charter.html}}
}

@misc{fipa,
    author = {Foundation for Intelligent Physical Agents},
    title = {Standard Status Specifications},
    month = {Oct.},
    year = {2009},
    note = {\url{http://fipa.org/repository/standardspecs.html}}
}
@MISC{core,
      AUTHOR = {Naval Research Laboratory},
      TITLE = {Networks and Communication Systems Branch},
      MONTH = {Nov},
      YEAR = {2009},
      NOTE = {\texttt{http://cs.itd.nrl.navy.mil/work/core/index.php}}
}
@article{cavalieri00experimental,
    title={An experimental benchmarking of two multi-agent architectures for production scheduling and control},
    author={S. Cavalieri and M. Garetti and M. Macchi and M. Taisch},
    journal={Computers in Industry},
    number={43},
    pages={139--152},
    year={2000}
}
@TECHREPORT{song02scalability,
    author={R. Song and L. Korba},
    title={The scalability of a multi-agent system in security services},
    institution={National Research Council of Canada},
    month={Aug.},
    year={2002}
}
@inproceedings{shehory01evaluation,
    author={O. Shehory and A. Strum},
    title={Evaluation of Modeling Techniques for Agent-Based Systems},
    booktitle={Proc. of the 5th Intl. Conf. on Autonomous Agents},
    month={May},
    year={2001},
    pages={624--631}
}
@article{sabas02multidimentional,
    author={A. Sabas and M. Badri and S. Delisle},
    title={A Multidimentional Framework for the Evaluation of Multiagent System Methodologies},
    journal={Systemics, Cybernetics and Informatics},
    pages={211--216},
    year={2002}
}
@inproceedings{cernuzzi02evaluation,
    author={L. Cernuzzi and G. Rossi},
    title={On The Evaluation Of Agent Oriented Modelling Methods},
    booktitle={Proc. of Agent Oriented Methodology Workshop},
    year={2002}
}
@inproceedings{coraluppi06benchmark,
    author={S. Coraluppi and D. Grimmett and P. de Theije},
    title = {Benchmark Evaluation of Multistatic Trackers},
    booktitle={Proc. of the 9th Intl. Conf. on Information Fusion},
    year = {2006}
}
@inproceedings{lee99network,
    author={J. Lee and S. Han and H. Kim and S. Park},
    title = {Network-centric feature-based modeling},
    booktitle={Proc. of the 7th Pacific Conf. on Computer Graphics and Applications},
    year = {1999}
}
@inproceedings{culler01network,
    author={D. Culler and J. Hill and P. Buonadonna and R. Szewczyk and A. Woo},
    title = {A network-centric approach to embedded software for tiny devices},
    booktitle={Proc. of the 1st Intl. Workshop on Embedded Software},
    year = {2001}
}
@inproceedings{dean08study,
	author = {J.W. Dean and J.P. Macker and W. Chao},
	title = {A Study of Multiagent System Operation Within Dynamic Ad Hoc Networks},
	booktitle = {Proc. of the Military Communications Conf.},
	year = {2008},
	pages = {1--7}
}
